<?xml version="1.0" encoding="UTF-8"?><collection xmlns="http://www.loc.gov/MARC21/slim"><record><leader>00517nam--2200133-i-4500</leader><controlfield tag="001">000028473</controlfield><controlfield tag="002">20161230</controlfield><controlfield tag="005">20161230201037</controlfield><controlfield tag="008">060222s1000------------r-----000-0-eng-d</controlfield><datafield ind1=" " ind2=" " tag="080"><subfield code="a">541.7(043):541.14(043)</subfield></datafield><datafield ind1=" " ind2=" " tag="100"><subfield code="a">Leonard, Jack Edward</subfield></datafield><datafield ind1=" " ind2=" " tag="245"><subfield code="a">I.studies in isomerism: permutations, point group symmetries and isomer counting. ii.studies in the photochemistry of coumarin and certain coumarin derivatives. /thesis</subfield></datafield><datafield ind1=" " ind2=" " tag="260"><subfield code="a">Pasadena, California, California Inst.Of Technology, 1971, Vi + 152p</subfield></datafield><datafield ind1=" " ind2=" " tag="852"><subfield code="a">42016</subfield></datafield></record></collection>